<?xml version="1.0" encoding="UTF-8"?><collection xmlns="http://www.loc.gov/MARC21/slim"><record><leader>00395nam--2200157-i-4500</leader><controlfield tag="001">000029827</controlfield><controlfield tag="002">20161230</controlfield><controlfield tag="005">20170107015240</controlfield><controlfield tag="008">060222s1000------------r-----000-0-eng-d</controlfield><datafield ind1=" " ind2=" " tag="080"><subfield code="a">530.145.6(082)</subfield></datafield><datafield ind1=" " ind2=" " tag="100"><subfield code="a">J©Łnossy, Lajos</subfield></datafield><datafield ind1=" " ind2=" " tag="245"><subfield code="a">Kvantummechanika. Cikkgy¿łjtem©♭ny</subfield></datafield><datafield ind1=" " ind2=" " tag="260"><subfield code="a">Budapest</subfield><subfield code="b">Akad©♭miai Kiad©đ</subfield><subfield code="c">1971</subfield></datafield><datafield ind1=" " ind2=" " tag="300"><subfield code="a">320 p</subfield></datafield><datafield ind1=" " ind2=" " tag="852"><subfield code="a">75695</subfield></datafield><datafield ind1=" " ind2=" " tag="CAT"><subfield code="a">SYS</subfield><subfield code="c">20170107</subfield><subfield code="h">015240</subfield></datafield></record></collection>